@article{han2015learning,
  title={Learning both weights and connections for efficient neural networks},
  author={Han, Song and Pool, Jeff and Tran, John and Dally, William J},
  journal={arXiv preprint arXiv:1506.02626},
  year={2015}
}

@inproceedings{denton2014exploiting,
  title={Exploiting linear structure within convolutional networks for efficient evaluation},
  author={Denton, Emily L and Zaremba, Wojciech and Bruna, Joan and LeCun, Yann and Fergus, Rob},
  booktitle={Advances in Neural Information Processing Systems},
  pages={1269--1277},
  year={2014}
}

@inproceedings{rigamonti2013learning,
  title={Learning separable filters},
  author={Rigamonti, Roberto and Sironi, Amos and Lepetit, Vincent and Fua, Pascal},
  booktitle={Computer Vision and Pattern Recognition (CVPR), 2013 IEEE Conference on},
  pages={2754--2761},
  year={2013},
  organization={IEEE}
}

@article{DBLP:journals/corr/LinCY13,
  author    = {Min Lin and
               Qiang Chen and
               Shuicheng Yan},
  title     = {Network In Network},
  journal   = {CoRR},
  volume    = {abs/1312.4400},
  year      = {2013},
  url       = {http://arxiv.org/abs/1312.4400},
  timestamp = {Mon, 06 Jan 2014 15:10:41 +0100},
  biburl    = {http://dblp.uni-trier.de/rec/bib/journals/corr/LinCY13},
  bibsource = {dblp computer science bibliography, http://dblp.org}
}

@article{DBLP:journals/corr/GongLYB14,
  author    = {Yunchao Gong and
               Liu Liu and
               Ming Yang and
               Lubomir D. Bourdev},
  title     = {Compressing Deep Convolutional Networks using Vector Quantization},
  journal   = {CoRR},
  volume    = {abs/1412.6115},
  year      = {2014},
  url       = {http://arxiv.org/abs/1412.6115},
  timestamp = {Tue, 03 Feb 2015 08:25:02 +0100},
  biburl    = {http://dblp.uni-trier.de/rec/bib/journals/corr/GongLYB14},
  bibsource = {dblp computer science bibliography, http://dblp.org}
}

@article{srivastava2014dropout,
  title={Dropout: A simple way to prevent neural networks from overfitting},
  author={Srivastava, Nitish and Hinton, Geoffrey and Krizhevsky, Alex and Sutskever, Ilya and Salakhutdinov, Ruslan},
  journal={The Journal of Machine Learning Research},
  volume={15},
  number={1},
  pages={1929--1958},
  year={2014},
  publisher={JMLR. org}
}

@inproceedings{wan2013regularization,
  title={Regularization of neural networks using dropconnect},
  author={Wan, Li and Zeiler, Matthew and Zhang, Sixin and Cun, Yann L and Fergus, Rob},
  booktitle={Proceedings of the 30th International Conference on Machine Learning (ICML-13)},
  pages={1058--1066},
  year={2013}
}

@inproceedings{weinberger2009feature,
  title={Feature hashing for large scale multitask learning},
  author={Weinberger, Kilian and Dasgupta, Anirban and Langford, John and Smola, Alex and Attenberg, Josh},
  booktitle={Proceedings of the 26th Annual International Conference on Machine Learning},
  pages={1113--1120},
  year={2009},
  organization={ACM}
}

@article{shi2009hash,
  title={Hash kernels for structured data},
  author={Shi, Qinfeng and Petterson, James and Dror, Gideon and Langford, John and Smola, Alex and Vishwanathan, SVN},
  journal={The Journal of Machine Learning Research},
  volume={10},
  pages={2615--2637},
  year={2009},
  publisher={JMLR. org}
}

@article{chen2015compressing,
  title={Compressing Neural Networks with the Hashing Trick},
  author={Chen, Wenlin and Wilson, James T and Tyree, Stephen and Weinberger, Kilian Q and Chen, Yixin},
  journal={arXiv preprint arXiv:1504.04788},
  year={2015}
}

@article{collins2014memory,
  title={Memory bounded deep convolutional networks},
  author={Collins, Maxwell D and Kohli, Pushmeet},
  journal={arXiv preprint arXiv:1412.1442},
  year={2014}
}

@article{yang2014deep,
  title={Deep Fried Convnets},
  author={Yang, Zichao and Moczulski, Marcin and Denil, Misha and de Freitas, Nando and Smola, Alex and Song, Le and Wang, Ziyu},
  journal={arXiv preprint arXiv:1412.7149},
  year={2014}
}

@inproceedings{denil2013predicting,
  title={Predicting parameters in deep learning},
  author={Denil, Misha and Shakibi, Babak and Dinh, Laurent and de Freitas, Nando and others},
  booktitle={Advances in Neural Information Processing Systems},
  pages={2148--2156},
  year={2013}
}

@article{goodfellow2013maxout,
  title={Maxout networks},
  author={Goodfellow, Ian J and Warde-Farley, David and Mirza, Mehdi and Courville, Aaron and Bengio, Yoshua},
  journal={arXiv preprint arXiv:1302.4389},
  year={2013}
}

@inproceedings{xue2013restructuring,
  title={Restructuring of deep neural network acoustic models with singular value decomposition.},
  author={Xue, Jian and Li, Jinyu and Gong, Yifan},
  booktitle={INTERSPEECH},
  pages={2365--2369},
  year={2013}
}

@incollection{zeiler2014visualizing,
  title={Visualizing and understanding convolutional networks},
  author={Zeiler, Matthew D and Fergus, Rob},
  booktitle={Computer Vision--ECCV 2014},
  pages={818--833},
  year={2014},
  publisher={Springer}
}

@article{mathieu2013fast,
  title={Fast training of convolutional networks through ffts},
  author={Mathieu, Michael and Henaff, Mikael and LeCun, Yann},
  journal={arXiv preprint arXiv:1312.5851},
  year={2013}
}

@article{jaderberg2014speeding,
  title={Speeding up convolutional neural networks with low rank expansions},
  author={Jaderberg, Max and Vedaldi, Andrea and Zisserman, Andrew},
  journal={arXiv preprint arXiv:1405.3866},
  year={2014}
}

@inproceedings{lecun1989optimal,
  title={Optimal brain damage.},
  author={LeCun, Yann and Denker, John S and Solla, Sara A and Howard, Richard E and Jackel, Lawrence D},
  booktitle={NIPs},
  volume={89},
  year={1989}
}

@inproceedings{hassibi1993optimal,
  title={Optimal brain surgeon and general network pruning},
  author={Hassibi, Babak and Stork, David G and Wolff, Gregory J},
  booktitle={Neural Networks, 1993., IEEE International Conference on},
  pages={293--299},
  year={1993},
  organization={IEEE}
}

@article{bondarenko2014artificial,
  title={Artificial Neural Network Generalization and Simplification via Pruning},
  author={Bondarenko, Andrey and Borisov, Arkady},
  journal={Information Technology and Management Science},
  volume={17},
  number={1},
  pages={132--137},
  year={2014}
}

@article{schmidhuber2015deep,
  title={Deep learning in neural networks: An overview},
  author={Schmidhuber, J{\"u}rgen},
  journal={Neural Networks},
  volume={61},
  pages={85--117},
  year={2015},
  publisher={Elsevier}
}

@inproceedings{sainath2013low,
  title={Low-rank matrix factorization for deep neural network training with high-dimensional output targets},
  author={Sainath, Tara N and Kingsbury, Brian and Sindhwani, Vikas and Arisoy, Ebru and Ramabhadran, Bhuvana},
  booktitle={Acoustics, Speech and Signal Processing (ICASSP), 2013 IEEE International Conference on},
  pages={6655--6659},
  year={2013},
  organization={IEEE}
}